<?xml version="1.0" encoding="UTF-8"?><collection xmlns="http://www.loc.gov/MARC21/slim"><record><leader>00336nam--2200133-i-4500</leader><controlfield tag="001">000023613</controlfield><controlfield tag="002">20161230</controlfield><controlfield tag="005">20161230201035</controlfield><controlfield tag="008">060222s1000------------r-----000-0-eng-d</controlfield><datafield ind1=" " ind2=" " tag="080"><subfield code="a">669.822</subfield></datafield><datafield ind1=" " ind2=" " tag="100"><subfield code="a">Holden A.N</subfield></datafield><datafield ind1=" " ind2=" " tag="245"><subfield code="a">Physical metallurgy of uranium</subfield></datafield><datafield ind1=" " ind2=" " tag="260"><subfield code="a">Reading/Mass., Addison-wesley Publ.Co., 1958, 262p</subfield></datafield><datafield ind1=" " ind2=" " tag="852"><subfield code="a">13824</subfield></datafield></record></collection>